<record xmlns:xsi="http://www.w3.org/2001/XMLSchema-instance" xmlns="http://www.loc.gov/MARC21/slim" xsi:schemaLocation="http://www.loc.gov/MARC21/slim http://www.loc.gov/standards/marcxml/schema/MARC21slim.xsd">

  <leader>00681nam a2200181   4500</leader>
  <controlfield tag="008">160616b2015    c  ||||| |||| 00| | spa d</controlfield>
  <datafield ind2=" " ind1=" " tag="090">
    <subfield code="a">14.02.02</subfield>
    <subfield code="b">1336</subfield>
  </datafield>
  <datafield ind1="1" ind2=" " tag="100">
    <subfield code="9">1843</subfield>
    <subfield code="a">Ruíz González, María José</subfield>
  </datafield>
  <datafield ind1="1" ind2="0" tag="245">
    <subfield code="a">Red Interinstitucional para la Niñez y Adolescencia de Costa Rica /</subfield>
    <subfield code="c">María José Ruíz González</subfield>
  </datafield>
  <datafield ind2=" " ind1=" " tag="260">
    <subfield code="a">[San José, Costa Rica] :</subfield>
    <subfield code="b">INIE,</subfield>
    <subfield code="c">2015</subfield>
  </datafield>
  <datafield ind2=" " ind1=" " tag="300">
    <subfield code="a">16 páginas;</subfield>
    <subfield code="e">1 disco de computadora; PDF</subfield>
  </datafield>
  <datafield tag="500" ind2=" " ind1=" ">
    <subfield code="a">Informe proyecto de Acción Social ED-1445</subfield>
  </datafield>
  <datafield ind1="1" ind2="4" tag="650">
    <subfield code="9">757</subfield>
    <subfield code="a">PRIMERA INFANCIA</subfield>
  </datafield>
  <datafield ind2="4" ind1="1" tag="650">
    <subfield code="9">59</subfield>
    <subfield code="a">NIÑOS</subfield>
  </datafield>
  <datafield tag="650" ind1="1" ind2="4">
    <subfield code="9">60</subfield>
    <subfield code="a">NIÑAS</subfield>
  </datafield>
  <datafield tag="650" ind1="1" ind2="4">
    <subfield code="9">784</subfield>
    <subfield code="a">RED INTERINSTITUCIONAL PARA LA NIÑEZ Y LA ADOLESCENCIA DE COSTA RICA</subfield>
  </datafield>
  <datafield tag="942" ind1=" " ind2=" ">
    <subfield code="2">z</subfield>
    <subfield code="c">04</subfield>
  </datafield>
  <datafield ind1=" " ind2=" " tag="999">
    <subfield code="c">3256</subfield>
    <subfield code="d">3256</subfield>
  </datafield>
</record>